<record><leader>00000cas a22000007a 4500</leader><controlfield tag="001">9553183</controlfield><controlfield tag="008">830527d18541867mauwr ne      0    0eng d</controlfield><datafield ind1=" " ind2=" " tag="010"><subfield code="a">sn 83020796 </subfield></datafield><datafield ind1=" " ind2=" " tag="040"><subfield code="a">NPX</subfield><subfield code="b">eng</subfield><subfield code="c">NPX</subfield><subfield code="d">DLC</subfield><subfield code="d">MGN</subfield></datafield><datafield ind1="1" ind2=" " tag="029"><subfield code="a">AU@</subfield><subfield code="b">000025797251</subfield></datafield><datafield ind1="1" ind2=" " tag="029"><subfield code="a">NZ1</subfield><subfield code="b">16072643</subfield></datafield><datafield ind1=" " ind2=" " tag="042"><subfield code="a">msc</subfield></datafield><datafield ind1=" " ind2=" " tag="043"><subfield code="a">n-us-ma</subfield></datafield><datafield ind1="0" ind2="0" tag="050"><subfield code="a">Newspaper 8383</subfield></datafield><datafield ind1="0" ind2="4" tag="245"><subfield code="a">The Middlesex journal.</subfield></datafield><datafield ind1="1" ind2="3" tag="246"><subfield code="a">Middlesex journal, and Woburn townsman</subfield><subfield code="f">Sept. 10, 1864-1867</subfield></datafield><datafield ind1=" " ind2=" " tag="260"><subfield code="a">Woburn, Mass. :</subfield><subfield code="b">Latham &amp; Kimball,</subfield><subfield code="c">1854-1867.</subfield></datafield><datafield ind1=" " ind2=" " tag="300"><subfield code="a">v. ;</subfield><subfield code="c">52-61 cm.</subfield></datafield><datafield ind1=" " ind2=" " tag="310"><subfield code="a">Weekly</subfield></datafield><datafield ind1="0" ind2=" " tag="362"><subfield code="a">Vol. 3, no. 25 (Apr. 1, 1854)-v. 17, no. 14 (Dec. 28, 1867).</subfield></datafield><datafield ind1=" " ind2=" " tag="500"><subfield code="a">"Devoted to the local interests of Woburn, Winchester, Stoneham, Reading, North &amp; South Reading, Wilmington, Burlington and Lexington," Dec. 4, 1858-1867.</subfield></datafield><datafield ind1=" " ind2=" " tag="500"><subfield code="a">Proprietors: J.J. Pippy, June 10, 1854-Dec. 17, 1858; S.M.R. Pippy, Dec. 24, 1858-Dec. 1, 1860; S.R. Pippy, Dec. 8, 1860-Sept. 28, 1861; E.T. Moody, Oct. 5, 1861-June 25, 1864; Edgar Marchant, July 2, 1864-Aug. 3, 1867; James M. Cooms, Aug. 10-Dec. 28, 1867.</subfield></datafield><datafield ind1=" " ind2=" " tag="500"><subfield code="a">Editors: Latham &amp; Kimball, Apr. 1-June 10, 1854; J.J. Pippy, June 10, 1854-Dec. 17, 1858; E. Marchant, Mar. 23-Aug. 3, 1867; James M. Cooms, Aug. 10-Dec. 10, 1867.</subfield></datafield><datafield ind1=" " ind2=" " tag="530"><subfield code="a">Also available on microfilm from Graphic Microfilm of New England.</subfield></datafield><datafield ind1=" " ind2=" " tag="752"><subfield code="a">United States</subfield><subfield code="b">Massachusetts</subfield><subfield code="c">Middlesex</subfield><subfield code="d">Woburn.</subfield></datafield><datafield ind1="0" ind2="0" tag="780"><subfield code="t">Woburn journal (Woburn, Mass. : 1851)</subfield><subfield code="w">(DLC)sn 83020792</subfield></datafield><datafield ind1="0" ind2="5" tag="780"><subfield code="t">Woburn townsman</subfield><subfield code="w">(DLC)sn 83020794</subfield></datafield><datafield ind1="0" ind2="5" tag="780"><subfield code="t">Winchester transcript</subfield><subfield code="w">(DLC)sn 83020793</subfield></datafield><datafield ind1="0" ind2="5" tag="780"><subfield code="t">Stoneham sentinel (Stoneham, Mass. : 1864)</subfield><subfield code="w">(DLC)sn 83020795</subfield></datafield><datafield ind1="0" ind2="0" tag="785"><subfield code="t">Middlesex County journal</subfield><subfield code="w">(DLC)sn 83020798</subfield></datafield></record>